%% This BibTeX bibliography file was created using BibDesk.
%% http://bibdesk.sourceforge.net/


%% Created for Douglas Ahler at 2014-01-08 13:47:42 -0800 


%% Saved with string encoding Unicode (UTF-8) 



@book{Haidt2011,
	Address = {New York},
	Author = {Jonathan Haidt},
	Date-Added = {2014-01-08 21:47:41 +0000},
	Date-Modified = {2014-01-08 21:47:41 +0000},
	Publisher = {Pantheon},
	Title = {The Righteous Mind: Why Good People are Divided by Politics and Religion},
	Year = {2011}}

@unpublished{BullockEtAl2013,
	Author = {John G. Bullock and Alan S. Gerber and Seth J. Hill and Gregory A. Huber},
	Date-Added = {2014-01-08 21:43:18 +0000},
	Date-Modified = {2014-01-08 21:43:18 +0000},
	Month = {May},
	Note = {NBER Working Paper No. 19080},
	Title = {Partisan Bias in Factual Beliefs about Politics},
	Year = {2013}}

@article{Bartels2002,
	Author = {Larry M. Bartels},
	Date-Added = {2014-01-08 21:40:18 +0000},
	Date-Modified = {2014-01-08 21:40:18 +0000},
	Journal = {Political Behavior},
	Number = {2},
	Pages = {117-150},
	Title = {Beyond the Running Tally: Partisan Bias in Political Perceptions},
	Volume = {24},
	Year = {2002}}

@book{TAVR,
	Address = {Ann Arbor, MI},
	Author = {Michael S. Lewis-Beck and William G. Jacoby and Helmut Norpoth and Herbert F. Weisberg},
	Date-Added = {2014-01-08 21:35:33 +0000},
	Date-Modified = {2014-01-08 21:35:33 +0000},
	Publisher = {The University of Michigan Press},
	Title = {The American Voter Revisited},
	Year = {2008}}

@article{Abramowitz1980,
	Author = {Alan I. Abramowitz},
	Date-Added = {2014-01-08 21:32:55 +0000},
	Date-Modified = {2014-01-08 21:32:55 +0000},
	Journal = {American Political Science Review},
	Number = {3},
	Pages = {633-640},
	Title = {A Comparison of Voting for U.S. Senator and Representative in 1978},
	Volume = {74},
	Year = {1980}}

@book{Jacobson2008,
	Address = {New York},
	Author = {Gary C. Jacobson},
	Date-Added = {2014-01-08 21:32:55 +0000},
	Date-Modified = {2014-01-08 21:32:55 +0000},
	Publisher = {Pearson Longman},
	Title = {A Divider, Not a Uniter: George W. Bush and the American People: The 2006 Election and Beyond},
	Year = {2008}}

@article{MarkusConverse1979,
	Author = {Gregory B. Markus and Philip E. Converse},
	Date-Added = {2014-01-08 21:32:55 +0000},
	Date-Modified = {2014-01-08 21:32:55 +0000},
	Journal = {American Political Science Review},
	Number = {4},
	Pages = {1055-1070},
	Title = {A Dynamic Simultaneous Equation Model of Electoral Choice},
	Volume = {73},
	Year = {1979}}

@article{Schanck1932,
	Author = {Richard L. Schanck},
	Date-Added = {2014-01-08 21:32:55 +0000},
	Date-Modified = {2014-01-08 21:32:55 +0000},
	Journal = {Psychological Monographs},
	Number = {2},
	Pages = {1-133},
	Title = {A Study of Community and Its Group Institutions Conceived of as Behavior of Individuals},
	Volume = {43},
	Year = {1932}}

@article{BawnEtAl2006,
	Author = {Kathleen Bawn and Martin Cohen and David Karol and Seth Masket and Hans Noel and John Zaller},
	Date-Added = {2014-01-08 21:32:55 +0000},
	Date-Modified = {2014-01-08 21:32:55 +0000},
	Journal = {Perspectives on Politics},
	Number = {3},
	Pages = {571-597},
	Title = {A Theory of Political Parties: Groups, Policy Demands, and Nominations in American POlitics},
	Volume = {10},
	Year = {2012}}

@article{Bloom1984,
	Author = {Howard S. Bloom},
	Date-Added = {2014-01-08 21:32:55 +0000},
	Date-Modified = {2014-01-08 21:32:55 +0000},
	Journal = {Evaluation Review},
	Pages = {225-246},
	Title = {Accounting for No-Shows in Experimental Evaluation Designs},
	Volume = {8},
	Year = {1984}}

@article{RobinsonEtAl1995,
	Author = {Robert J. Robinson and Dacher Keltner and Andrew Ward and Lee Ross},
	Date-Added = {2014-01-08 21:32:55 +0000},
	Date-Modified = {2014-01-08 21:32:55 +0000},
	Journal = {Journal of Personality and Social Psychology},
	Number = {3},
	Pages = {404-417},
	Title = {Actual Versus Assumed Differences in Construal: ``Naive Realism'' in Intergroup Perception and Conflict},
	Volume = {68},
	Year = {1995}}

@article{IyengarSoodLelkes2012,
	Author = {Shanto Iyengar and Gaurav Sood and Yphtach Lelkes},
	Date-Added = {2014-01-08 21:32:55 +0000},
	Date-Modified = {2014-01-08 21:32:55 +0000},
	Journal = {Public Opinion Quarterly},
	Number = {3},
	Pages = {405-431},
	Title = {Affect, Not Ideology: A Social Identity Perspective on Polarization},
	Volume = {76},
	Year = {2012}}

@article{CreswellEtAl2005,
	Author = {J. David Creswell and William T. Welch and Shelley E. Taylor and David K. Sherman and Tara L. Gruenewald and Traci Mann},
	Date-Added = {2014-01-08 21:32:55 +0000},
	Date-Modified = {2014-01-08 21:32:55 +0000},
	Journal = {Psychological Science},
	Number = {11},
	Pages = {846-851},
	Title = {Affirmation of Personal Values Buffers Neuroendocrine and Psychologicla Stress Responses},
	Volume = {16},
	Year = {2005}}

@webpage{Sala,
	Author = {Rose Gordon Sala},
	Date-Added = {2014-01-08 21:32:55 +0000},
	Date-Modified = {2014-01-08 21:32:55 +0000},
	Journal = {MSNBC},
	Month = {1 October},
	Title = {Akin Adds Sens. Graham, Coburn, Inhofe to Expanding List of GOP Friends},
	Url = {http://leanforward.msnbc.com/_news/2012/10/01/14169919-akin-adds-sens-graham-coburn-inhofe-to-expanding-list-of-gop-friends?lite},
	Year = {2012},
	Bdsk-Url-1 = {http://leanforward.msnbc.com/_news/2012/10/01/14169919-akin-adds-sens-graham-coburn-inhofe-to-expanding-list-of-gop-friends?lite}}

@article{BuhrmesterKwangGosling2011,
	Author = {Michael Buhrmester and Tracy Kwang and Samuel D. Gosling},
	Date-Added = {2014-01-08 21:32:55 +0000},
	Date-Modified = {2014-01-08 21:32:55 +0000},
	Journal = {Perspectives on Psychological Science},
	Number = {1},
	Pages = {3-5},
	Title = {Amazon's Mechanical Turk: A New Source of Inexpensive, Yet High-Quality, Data?},
	Volume = {6},
	Year = {2011}}

@book{Mayhew2002,
	Address = {New Haven, CT},
	Author = {David R. Mayhew},
	Date-Added = {2014-01-08 21:32:55 +0000},
	Date-Modified = {2014-01-08 21:32:55 +0000},
	Publisher = {Yale University Press},
	Title = {America's Congress},
	Year = {2002}}

@unpublished{Broockman2013,
	Author = {David E. Broockman},
	Date-Added = {2014-01-08 21:32:55 +0000},
	Date-Modified = {2014-01-08 21:32:55 +0000},
	Month = {May},
	Note = {Working paper},
	Title = {An Artificial Disconnect: The Extreme Public and Its Moderate Represetnatives},
	Year = {2013}}

@article{Converse2000,
	Author = {Philip E. Converse},
	Date-Added = {2014-01-08 21:32:55 +0000},
	Date-Modified = {2014-01-08 21:32:55 +0000},
	Journal = {Annual Review of Political Science},
	Pages = {331-353},
	Title = {Assessing the Capacity of Mass Electorates},
	Volume = {3},
	Year = {2000}}

@article{BradySniderman1985,
	Author = {Henry E. Brady and Paul M. Sniderman},
	Date-Added = {2014-01-08 21:32:55 +0000},
	Date-Modified = {2014-01-08 21:32:55 +0000},
	Journal = {American Political Science Review},
	Pages = {1061-1078},
	Title = {Attitude Attribution: A Group Basis for Political Reasoning},
	Volume = {79},
	Year = {1985}}

@article{MackieCooper1984,
	Author = {Diane Mackie and Joel Cooper},
	Date-Added = {2014-01-08 21:32:55 +0000},
	Date-Modified = {2014-01-08 21:32:55 +0000},
	Journal = {Journal of Personality and Social Psychology},
	Number = {3},
	Pages = {575-585},
	Title = {Attitude Polarization: Effects of Group Membership},
	Volume = {46},
	Year = {1984}}

@article{TverskyKahneman1973,
	Author = {Amos Tversky and Daniel Kahneman},
	Date-Added = {2014-01-08 21:32:55 +0000},
	Date-Modified = {2014-01-08 21:32:55 +0000},
	Journal = {Cognitive Psychology},
	Number = {2},
	Pages = {207-232},
	Title = {Availability: A Heuristic for Judging Frequency and Probability},
	Volume = {5},
	Year = {1973}}

@book{Lee2009,
	Address = {Chicago},
	Author = {Frances E. Lee},
	Date-Added = {2014-01-08 21:32:55 +0000},
	Date-Modified = {2014-01-08 21:32:55 +0000},
	Publisher = {University of Chicago Press},
	Title = {Beyond Ideology: Politics, Principles, and Partisanship in the U.S. Senate},
	Year = {2009}}

@article{McPhersonSmithLovinCook2001,
	Author = {Miller McPherson and Lynn Smith-Lovin and James M. Cook},
	Date-Added = {2014-01-08 21:32:55 +0000},
	Date-Modified = {2014-01-08 21:32:55 +0000},
	Journal = {Annual Review of Sociology},
	Pages = {415-444},
	Title = {Birds of a Feather: Homophily in Social Networks},
	Year = {2001}}

@article{FarwellWeiner2000,
	Author = {Lisa Farwell and Bernard Weiner},
	Date-Added = {2014-01-08 21:32:55 +0000},
	Date-Modified = {2014-01-08 21:32:55 +0000},
	Journal = {Personality and Social Psychology Bulletin},
	Number = {7},
	Pages = {845-852},
	Title = {Bleeding Hearts and the Heartless: Popular Perceptions of Liberal and Conservative Ideologies},
	Volume = {26},
	Year = {2000}}

@article{Weisman2012,
	Author = {Jonathan Weisman},
	Date-Added = {2014-01-08 21:32:55 +0000},
	Date-Modified = {2014-01-08 21:32:55 +0000},
	Journal = {The New York Times},
	Month = {9 November},
	Title = {Boehner Digs In on Opposition to Tax Hikes for Wealthy},
	Year = {2012}}

@inbook{DruckmanEtAl2011,
	Address = {New York},
	Author = {James N. Druckman and Donald P. Green and James H. Kuklinski and Arthur Lupia},
	Chapter = {Experimentation in Political Science},
	Date-Added = {2014-01-08 21:32:55 +0000},
	Date-Modified = {2014-01-08 21:32:55 +0000},
	Editor = {James N. Druckman and Donald P. Green and James H. Kuklinski and Arthur Lupia},
	Publisher = {Cambridge University Press},
	Title = {Cambridge Handbook of Political Science},
	Year = {2011}}

@article{ConoverFeldman1989,
	Author = {Pamela Johnston Conover and Stanley Feldman},
	Date-Added = {2014-01-08 21:32:55 +0000},
	Date-Modified = {2014-01-08 21:32:55 +0000},
	Journal = {American Journal of Political Science},
	Number = {4},
	Pages = {912-940},
	Title = {Candidate Perception in an Ambiguous World: Campaigns, Cues, and Inference Processes},
	Volume = {33},
	Year = {1989}}

@article{MannWolfinger1980,
	Author = {Thomas E. Mann and Raymond E. Wolfinger},
	Date-Added = {2014-01-08 21:32:55 +0000},
	Date-Modified = {2014-01-08 21:32:55 +0000},
	Journal = {American Political Science Review},
	Number = {3},
	Pages = {617-632},
	Title = {Candidates and Parties in Congressional Elections},
	Volume = {74},
	Year = {1980}}

@article{Levendusky2010,
	Author = {Matthew S. Levendusky},
	Date-Added = {2014-01-08 21:32:55 +0000},
	Date-Modified = {2014-01-08 21:32:55 +0000},
	Journal = {Political Behavior},
	Number = {1},
	Pages = {111-131},
	Title = {Clearer Cues, More Consistent Voters: A Benefit of Elite Polarization},
	Volume = {32},
	Year = {2010}}

@webpage{Smith,
	Author = {Ben Smith},
	Date-Added = {2014-01-08 21:32:55 +0000},
	Date-Modified = {2014-01-08 21:32:55 +0000},
	Journal = {Politico},
	Title = {Coburn Takes Offense},
	Url = {http://www.politico.com/blogs/bensmith/0508/Coburn_takes_offense.html},
	Urldate = {28 May 2008},
	Year = {2008},
	Bdsk-Url-1 = {http://www.politico.com/blogs/bensmith/0508/Coburn_takes_offense.html}}

@article{WilsonGronke2000,
	Author = {J. Matthew Wilson and Paul Gronke},
	Date-Added = {2014-01-08 21:32:55 +0000},
	Date-Modified = {2014-01-08 21:32:55 +0000},
	Journal = {Legislative Studies Quarterly},
	Number = {3},
	Pages = {445-467},
	Title = {Concordance and Projection in Citizen Perceptions of Congressional Roll-Call Voting},
	Volume = {25},
	Year = {2000}}

@inbook{AldrichRohde2001,
	Address = {Washington, DC},
	Author = {John H. Aldrich and David W. Rohde},
	Chapter = {The Logic of Conditional Party Government: Revisiting the Electoral Connection},
	Date-Added = {2014-01-08 21:32:55 +0000},
	Date-Modified = {2014-01-08 21:32:55 +0000},
	Editor = {Lawrence C. Dodd and Bruce I. Oppenheimer},
	Publisher = {CQ Press},
	Title = {Congress Reconsidered},
	Volume = {7},
	Year = {2001}}

@book{Mayhew1974,
	Address = {New Haven, CT},
	Author = {David R. Mayhew},
	Date-Added = {2014-01-08 21:32:55 +0000},
	Date-Modified = {2014-01-08 21:32:55 +0000},
	Publisher = {Yale University Press},
	Title = {Congress: The Electoral Connection},
	Year = {1974}}

@article{KingZeckhauser2003,
	Author = {David C. King and Richard J. Zeckhauser},
	Date-Added = {2014-01-08 21:32:55 +0000},
	Date-Modified = {2014-01-08 21:32:55 +0000},
	Journal = {Legislative Studies Quarterly},
	Number = {3},
	Pages = {387-411},
	Title = {Congressional Vote Options},
	Volume = {28},
	Year = {2003}}

@article{MillerStokes1963,
	Author = {Warren E. Miller and Donald E. Stokes},
	Date-Added = {2014-01-08 21:32:55 +0000},
	Date-Modified = {2014-01-08 21:32:55 +0000},
	Journal = {American Political Science Review},
	Number = {1},
	Pages = {45-56},
	Title = {Constituency Influence in Congress},
	Volume = {57},
	Year = {1963}}

@article{AnsolabehereJones2010,
	Author = {Stephen Ansolabehere and Philip Edward Jones},
	Date-Added = {2014-01-08 21:32:55 +0000},
	Date-Modified = {2014-01-08 21:32:55 +0000},
	Journal = {American Journal of Political Science},
	Number = {3},
	Pages = {583-597},
	Title = {Constituents' Responses to Congressional Roll-Call Voting},
	Volume = {54},
	Year = {2010}}

@book{FiorinaAbramsPope2005,
	Address = {New York},
	Author = {Morris P. Fiorina and Samuel J. Abrams and Jeremy Pope},
	Date-Added = {2014-01-08 21:32:55 +0000},
	Date-Modified = {2014-01-08 21:32:55 +0000},
	Publisher = {Pearson Longman},
	Title = {Culture War?},
	Year = {2005}}

@book{FiorinaAbrams2009,
	Address = {Norman, OK},
	Author = {Morris P. Fiorina and Samuel J. Abrams},
	Date-Added = {2014-01-08 21:32:55 +0000},
	Date-Modified = {2014-01-08 21:32:55 +0000},
	Publisher = {University of Oklahoma Press},
	Title = {Disconnect: The Breakdown of Representation in American Politics},
	Year = {2009}}

@book{Schickler2001,
	Address = {Princeton, NJ},
	Author = {Eric Schickler},
	Date-Added = {2014-01-08 21:32:55 +0000},
	Date-Modified = {2014-01-08 21:32:55 +0000},
	Publisher = {Princeton University Press},
	Title = {Disjointed Pluralism},
	Year = {2001}}

@unpublished{AhlerCitrinLenz2013,
	Author = {Douglas J. Ahler and Jack Citrin and Gabriel S. Lenz},
	Date-Added = {2014-01-08 21:32:55 +0000},
	Date-Modified = {2014-01-08 21:32:55 +0000},
	Note = {Working paper},
	Title = {Do Open Primaries Help Moderate Candidates? An Experimental Test on the 2012 California Primary},
	Year = {2013}}

@article{HowellWest2009,
	Author = {William G. Howell and Martin R. West},
	Date-Added = {2014-01-08 21:32:55 +0000},
	Date-Modified = {2014-01-08 21:32:55 +0000},
	Journal = {Education Next},
	Number = {3},
	Pages = {41-47},
	Title = {Educating the Public},
	Volume = {9},
	Year = {2009}}

@article{Mutz2007,
	Author = {Diana C. Mutz},
	Date-Added = {2014-01-08 21:32:55 +0000},
	Date-Modified = {2014-01-08 21:32:55 +0000},
	Journal = {American Political Science Review},
	Number = {4},
	Pages = {621-35},
	Title = {Effects of ``In-Your-Face'' Television Discourse on Perceptions of a Legitimate Opposition},
	Volume = {101},
	Year = {2007}}

@article{SchnallRoperFessler2010,
	Author = {Simone Schnall and Jean Roper and Daniel M.T. Fessler},
	Date-Added = {2014-01-08 21:32:55 +0000},
	Date-Modified = {2014-01-08 21:32:55 +0000},
	Journal = {Psychological Science},
	Number = {3},
	Pages = {315-320},
	Title = {Elevation Leads to Altruistic Behavior},
	Volume = {21},
	Year = {2010}}

@article{Bullock2011,
	Author = {John G. Bullock},
	Date-Added = {2014-01-08 21:32:55 +0000},
	Date-Modified = {2014-01-08 21:32:55 +0000},
	Journal = {American Political Science Review},
	Number = {3},
	Pages = {496-515},
	Title = {Elite Influence on Public Opinion in an Informed Electorate},
	Volume = {105},
	Year = {2011}}

@article{Franklin1991,
	Author = {Charles H. Franklin},
	Date-Added = {2014-01-08 21:32:55 +0000},
	Date-Modified = {2014-01-08 21:32:55 +0000},
	Journal = {American Political Science Review},
	Number = {4},
	Pages = {1193-1214},
	Title = {Eschewing Obfuscation? Campaigns and the Perception of U.S. Senate Incumbents},
	Volume = {85},
	Year = {1991}}

@article{Rubin1974,
	Author = {Donald B. Rubin},
	Date-Added = {2014-01-08 21:32:55 +0000},
	Date-Modified = {2014-01-08 21:32:55 +0000},
	Journal = {Journal of Educational Psychology},
	Number = {5},
	Pages = {688-701},
	Title = {Estimating Causal Effects of Treatments in Randomized and Nonrandomized Studies},
	Volume = {86},
	Year = {1974}}

@article{BerinskyHuberLenz2012,
	Author = {Adam J. Berinsky and Gergory A. Huber and Gabriel S. Lenz},
	Date-Added = {2014-01-08 21:32:55 +0000},
	Date-Modified = {2014-01-08 21:32:55 +0000},
	Journal = {Political Analysis},
	Number = {2},
	Pages = {351-368},
	Title = {Evaluating Online Labor Markets for Experimental Research: Amazon.com's Mechanical Turk},
	Volume = {20},
	Year = {2012}}

@book{MortonWilliams2007,
	Address = {New York},
	Author = {Rebecca B. Morton and Kenneth C. Williams},
	Date-Added = {2014-01-08 21:32:55 +0000},
	Date-Modified = {2014-01-08 21:32:55 +0000},
	Publisher = {Cambridge University Press},
	Title = {Experimental Political Science and the Study of Causality},
	Year = {2007}}

@article{SchroederPrentice1998,
	Author = {Christine M. Schroeder and Deborah A. Prentice},
	Date-Added = {2014-01-08 21:32:55 +0000},
	Date-Modified = {2014-01-08 21:32:55 +0000},
	Journal = {Journal of Applied Social Psychology},
	Number = {3},
	Pages = {2150-2180},
	Title = {Exposing Pluralistic Ignorance to Reduce Alcohol Use Among College Students},
	Volume = {28},
	Year = {1998}}

@book{IGS_Field_poll,
	Address = {[Machine-readable data file.] {San} {Francisco}, {CA}: {Field} {Research} {Corporation}},
	Date-Added = {2014-01-08 21:32:55 +0000},
	Date-Modified = {2014-01-08 21:32:55 +0000},
	Publisher = {Field (California) Poll 12-04},
	Title = {Field (California) Poll -- September 2012},
	Year = {2012}}

@book{Lenz2012,
	Address = {Chicago},
	Author = {Gabriel S. Lenz},
	Date-Added = {2014-01-08 21:32:55 +0000},
	Date-Modified = {2014-01-08 21:32:55 +0000},
	Publisher = {University of Chicago Press},
	Title = {Follow the Leader? How Voters Respond to Politicians' Policies and Performance},
	Year = {2012}}

@inbook{CampbellStanley1963,
	Address = {Boston},
	Author = {Donald T. Campbell and Julian C. Stanley},
	Chapter = {Experimental and Quasi-Experimental Designs for Research},
	Date-Added = {2014-01-08 21:32:55 +0000},
	Date-Modified = {2014-01-08 21:32:55 +0000},
	Editor = {N.L. Gage},
	Publisher = {Houghton Mifflin},
	Title = {Handbook of Research on Teaching},
	Year = {1963}}

@book{Fenno1978,
	Address = {New York},
	Author = {Richard F. Jr. Fenno},
	Date-Added = {2014-01-08 21:32:55 +0000},
	Date-Modified = {2014-01-08 21:32:55 +0000},
	Publisher = {Longman},
	Title = {Home Style: House Members in Their Districts},
	Year = {1978}}

@article{Wilson2006,
	Author = {James Q. Wilson},
	Date-Added = {2014-01-08 21:32:55 +0000},
	Date-Modified = {2014-01-08 21:32:55 +0000},
	Journal = {Commentary},
	Month = {February},
	Pages = {15-21},
	Title = {How Divided Are We?},
	Year = {2006}}

@article{LevitinMiller1979,
	Author = {Teresa E. Levitin and Warren E. Miller},
	Date-Added = {2014-01-08 21:32:55 +0000},
	Date-Modified = {2014-01-08 21:32:55 +0000},
	Journal = {American Political Science Review},
	Pages = {751-771},
	Title = {Ideological Interpretations of Presidential Elections},
	Volume = {73},
	Year = {1979}}

@article{Bonica2013,
	Author = {Adam Bonica},
	Date-Added = {2014-01-08 21:32:55 +0000},
	Date-Modified = {2014-01-08 21:32:55 +0000},
	Journal = {American Journal of Political Science},
	Number = {2},
	Pages = {294-311},
	Title = {Ideology and Interests in the Political Marketplace},
	Volume = {57},
	Year = {2013}}

@book{Mutz1998,
	Address = {Cambridge},
	Author = {Diana C. Mutz},
	Date-Added = {2014-01-08 21:32:55 +0000},
	Date-Modified = {2014-01-08 21:32:55 +0000},
	Publisher = {Cambridge University Press},
	Title = {Impersonal Influence: How Perceptions of Mass Collectives Affect Political Attitudes},
	Year = {1998}}

@article{Althaus1998,
	Author = {Scott L. Althaus},
	Date-Added = {2014-01-08 21:32:55 +0000},
	Date-Modified = {2014-01-08 21:32:55 +0000},
	Journal = {American Political Science Review},
	Number = {3},
	Pages = {545-558},
	Title = {Information Effects in Collective Preferences},
	Volume = {92},
	Year = {1998}}

@article{NadeauNiemiLevine1993,
	Author = {Richard Nadeau and Richard G. Niemi and Jeffrey Levine},
	Date-Added = {2014-01-08 21:32:55 +0000},
	Date-Modified = {2014-01-08 21:32:55 +0000},
	Journal = {Public Opinion Quarterly},
	Number = {3},
	Pages = {332-347},
	Title = {Innumeracy About Minority Populations},
	Volume = {57},
	Year = {1993}}

@article{HornseyHogg2000,
	Author = {Matthew J. Hornsey and MIchael A. Hogg},
	Date-Added = {2014-01-08 21:32:55 +0000},
	Date-Modified = {2014-01-08 21:32:55 +0000},
	Journal = {Personality and Social Psychology Bulletin},
	Pages = {948-958},
	Title = {Intergroup Similarity and Subgroup Relations: Some Implications for Assimilation},
	Volume = {26},
	Year = {2000}}


@book{Sulkin2005,
	Address = {New York},
	Author = {Tracy Sulkin},
	Date-Added = {2014-01-08 21:32:55 +0000},
	Date-Modified = {2014-01-08 21:32:55 +0000},
	Publisher = {Cambridge University Press},
	Title = {Issue Politics in Congress},
	Year = {2005}}

@book{MannOrnstein2012,
	Address = {New York},
	Author = {Thomas E. Mann and Norman J. Ornstein},
	Date-Added = {2014-01-08 21:32:55 +0000},
	Date-Modified = {2014-01-08 21:32:55 +0000},
	Publisher = {Basic Books},
	Title = {It's Even Worse Than it Looks: How the American Constitutional System Collided with the New Politics of Extremism},
	Year = {2012}}

@webpage{Moulitsas,
	Author = {Markos Moulitsas},
	Date-Added = {2014-01-08 21:32:55 +0000},
	Date-Modified = {2014-01-08 21:32:55 +0000},
	Journal = {The Guardian},
	Title = {Kissing the Tarantula},
	Url = {http://www.guardian.co.uk/politics/2005/may/05/election2005.comment1},
	Urldate = {5 May 2005},
	Year = {2005},
	Bdsk-Url-1 = {http://www.guardian.co.uk/politics/2005/may/05/election2005.comment1}}

@article{BafumiHerron2010,
	Author = {Joseph Bafumi and Michael C. Herron},
	Date-Added = {2014-01-08 21:32:55 +0000},
	Date-Modified = {2014-01-08 21:32:55 +0000},
	Journal = {American Political Science Review},
	Number = {3},
	Pages = {519-542},
	Title = {Leapfrog Representation and Extremism: A Study of American Voters and Their Members in Congress},
	Volume = {104},
	Year = {2010}}

@article{Wong2007,
	Author = {Cara J. Wong},
	Date-Added = {2014-01-08 21:32:55 +0000},
	Date-Modified = {2014-01-08 21:32:55 +0000},
	Journal = {Public Opinion Quarterly},
	Number = {3},
	Pages = {392-412},
	Title = {``Little'' and ``Big'' Pictures in Our Heads: Race, Local Context, and Innumeracy About Racial Groups in the United States},
	Volume = {71},
	Year = {2007}}

@incollection{Klingemann1979,
	Address = {Beverly Hills, CA},
	Author = {Hans D. Klingemann},
	Booktitle = {Political Action: Mass Participation in Five Western Democracies},
	Date-Added = {2014-01-08 21:32:55 +0000},
	Date-Modified = {2014-01-08 21:32:55 +0000},
	Editor = {Samuel H. Barnes},
	Publisher = {Sage},
	Title = {Measuring Ideological Conceptualizations},
	Year = {1979}}

@unpublished{StokerHochschild,
	Author = {Laura Stoker and Jennifer Hochschild},
	Date-Added = {2014-01-08 21:32:55 +0000},
	Date-Modified = {2014-01-08 21:32:55 +0000},
	Note = {Working paper},
	Title = {Measuring Values: The Case of Equality},
	Year = {2004}}

@article{Stroud2008,
	Author = {Natalie Jomini Stroud},
	Date-Added = {2014-01-08 21:32:55 +0000},
	Date-Modified = {2014-01-08 21:32:55 +0000},
	Journal = {Political Behavior},
	Number = {3},
	Pages = {341-366},
	Title = {Media Use and Political Predispositions: Revisiting the Concept of Selective Exposure},
	Volume = {30},
	Year = {2008}}

@article{Gallagher2003,
	Author = {Charles A. Gallagher},
	Date-Added = {2014-01-08 21:32:55 +0000},
	Date-Modified = {2014-01-08 21:32:55 +0000},
	Journal = {Sociological Perspectives},
	Number = {3},
	Pages = {381-396},
	Title = {Miscounting Race: Explaining Whites' Misperceptions of Racial Group Size},
	Volume = {46},
	Year = {2003}}

@article{KuklinskiEtAl2000,
	Author = {James H. Kuklinski and Paul J. Quirk and Jennifer Jerit and David Schweider and Robert F. Rich},
	Date-Added = {2014-01-08 21:32:55 +0000},
	Date-Modified = {2014-01-08 21:32:55 +0000},
	Journal = {The Journal of Politics},
	Number = {3},
	Pages = {790-816},
	Title = {Misinformation and the Currency of Democratic Citizenship},
	Volume = {62},
	Year = {2000}}

@book{AngristPischke2009,
	Address = {Princeton, NJ},
	Author = {Joshua D. Angrist and J\"{o}rn-Steffen Pischke},
	Date-Added = {2014-01-08 21:32:55 +0000},
	Date-Modified = {2014-01-08 21:32:55 +0000},
	Publisher = {Princeton University Press},
	Title = {Mostly Harmless Econometrics},
	Year = {2009}}

@article{ShermanNelsonRoss2003,
	Author = {David K. Sherman and Leif D. Nelson and Lee D. Ross},
	Date-Added = {2014-01-08 21:32:55 +0000},
	Date-Modified = {2014-01-08 21:32:55 +0000},
	Journal = {Basic and Applied Social Psychology},
	Number = {4},
	Pages = {275-289},
	Title = {Naive Realism and Affirmative Action: Adversaries are More Similar Than They Think},
	Volume = {25},
	Year = {2003}}

@book{Rosenbaum2002,
	Address = {New York},
	Author = {Paul R. Rosenbaum},
	Date-Added = {2014-01-08 21:32:55 +0000},
	Date-Modified = {2014-01-08 21:32:55 +0000},
	Edition = {2},
	Publisher = {Springer},
	Title = {Observational Studies},
	Year = {2002}}

@book{HackerPierson2006,
	Address = {New Haven, CT},
	Author = {Jacob S. Hacker and Paul Pierson},
	Date-Added = {2014-01-08 21:32:55 +0000},
	Date-Modified = {2014-01-08 21:32:55 +0000},
	Publisher = {Yale University Press},
	Title = {Off Center: The Republican Revolution \& the Erosion of American Democracy},
	Year = {2006}}

@article{Neyman1923,
	Author = {Jerzy Neyman},
	Date-Added = {2014-01-08 21:32:55 +0000},
	Date-Modified = {2014-01-08 21:32:55 +0000},
	Journal = {Statistical Science},
	Pages = {465-480},
	Title = {On the Application of Probability Theory to Agricultural Experiments (translated)},
	Volume = {5},
	Year = {1923}}

@article{Sekhon2009,
	Author = {Jasjeet S. Sekhon},
	Date-Added = {2014-01-08 21:32:55 +0000},
	Date-Modified = {2014-01-08 21:32:55 +0000},
	Journal = {Annual Review of Political Science},
	Pages = {487-508},
	Title = {Opiates for the Matches},
	Volume = {12},
	Year = {2009}}

@book{Hall1996,
	Address = {New Haven, CT},
	Author = {Richard L. Hall},
	Date-Added = {2014-01-08 21:32:55 +0000},
	Date-Modified = {2014-01-08 21:32:55 +0000},
	Publisher = {Yale University Press},
	Title = {Participation in Congress},
	Year = {1996}}

@book{Rohde1991,
	Address = {Chicago},
	Author = {David W. Rohde},
	Date-Added = {2014-01-08 21:32:55 +0000},
	Date-Modified = {2014-01-08 21:32:55 +0000},
	Publisher = {University of Chicago Press},
	Title = {Parties and Leaders in the Postreform House},
	Year = {1991}}

@book{GreenPalmquistSchickler2002,
	Address = {New Haven, CT},
	Author = {Donald Green and Bradley Palmquist and Eric Schickler},
	Date-Added = {2014-01-08 21:32:55 +0000},
	Date-Modified = {2014-01-08 21:32:55 +0000},
	Publisher = {Yale University Press},
	Title = {Partisan Hearts \& Minds: Political Parties and the Social Identities of Voters},
	Year = {2002}}

@book{Gerring1998,
	Address = {New York},
	Author = {John Gerring},
	Date-Added = {2014-01-08 21:32:55 +0000},
	Date-Modified = {2014-01-08 21:32:55 +0000},
	Publisher = {Cambridge University Press},
	Title = {Party Ideologies in America: 1828-1996},
	Year = {1998}}

@article{Cohen2003,
	Author = {Geoffrey L. Cohen},
	Date-Added = {2014-01-08 21:32:55 +0000},
	Date-Modified = {2014-01-08 21:32:55 +0000},
	Journal = {Journal of Personality and Social Psychology},
	Number = {5},
	Pages = {808-822},
	Title = {Party Over Policy: The Dominating Impact of Group Influence on Political Beliefs},
	Volume = {85},
	Year = {2003}}

@book{Theriault2006,
	Address = {New York},
	Author = {Sean M. Theriault},
	Date-Added = {2014-01-08 21:32:55 +0000},
	Date-Modified = {2014-01-08 21:32:55 +0000},
	Publisher = {Cambridge University Press},
	Title = {Party Polarization in Congress},
	Year = {2006}}

@book{Sinclair2006,
	Address = {Norman, OK},
	Author = {Barbara Sinclair},
	Date-Added = {2014-01-08 21:32:55 +0000},
	Date-Modified = {2014-01-08 21:32:55 +0000},
	Publisher = {University of Oklahoma Press},
	Title = {Party Wars: Polarization and the Politics of National Policymaking},
	Year = {2006}}

@article{LibbyEtAl2007,
	Author = {Lisa K. Libby and Eric M. Shaeffer and Richard P. Eibach and Jonathan A. Slemmer},
	Date-Added = {2014-01-08 21:32:55 +0000},
	Date-Modified = {2014-01-08 21:32:55 +0000},
	Journal = {Psychological Science},
	Number = {3},
	Pages = {199-203},
	Title = {Picture Yourself at the Polls: Visual Perspective in Mental Imagery Affects Self-Perception and Behavior},
	Volume = {18},
	Year = {2007}}

@article{ShamirShamir1997,
	Author = {Jacob Shamir and Michal Shamir},
	Date-Added = {2014-01-08 21:32:55 +0000},
	Date-Modified = {2014-01-08 21:32:55 +0000},
	Journal = {Public Opinion Quarterly},
	Number = {2},
	Pages = {227-260},
	Title = {Pluralistic Ignorance Across Issues Over Time: Information Cues and Biases},
	Volume = {61},
	Year = {1997}}

@article{PrenticeMiller1993,
	Author = {Deborah A. Prentice and Dale T. Miller},
	Date-Added = {2014-01-08 21:32:55 +0000},
	Date-Modified = {2014-01-08 21:32:55 +0000},
	Journal = {Journal of Personality and Social Psychology},
	Pages = {243-56},
	Title = {Pluralistic Ignorance and Alcohol Use on Campus: Some Consequences of Misperceiving the Social Norm},
	Volume = {64},
	Year = {1993}}

@incollection{MillerMoninPrentice2000,
	Address = {Mahwah, NJ},
	Author = {Dale T. Miller and Benoit Monin and Deborah A. Prentice},
	Booktitle = {Attitudes, Behaviors, and Social Context},
	Date-Added = {2014-01-08 21:32:55 +0000},
	Date-Modified = {2014-01-08 21:32:55 +0000},
	Editor = {Deborah J. Terry and Michael A. Hogg},
	Publisher = {Lawrence Erlbaum Associates},
	Title = {Pluralistic Ignorance and Inconsistency between Private Attitudes and Public Behaviors},
	Year = {2000}}

@article{OGormanGarry1976,
	Author = {Hubert J. O'Gorman and Stephen L. Garry},
	Date-Added = {2014-01-08 21:32:55 +0000},
	Date-Modified = {2014-01-08 21:32:55 +0000},
	Journal = {Public Opinion Quarterly},
	Pages = {449-558},
	Title = {Pluralistic Ignorance---A Replication and Extension},
	Volume = {40},
	Year = {1976}}

@book{McCartyPooleRosenthal2006,
	Address = {Cambridge, MA},
	Author = {Nolan McCarty and Keith T. Poole and Howard Rosenthal},
	Date-Added = {2014-01-08 21:32:55 +0000},
	Date-Modified = {2014-01-08 21:32:55 +0000},
	Publisher = {MIT Press},
	Title = {Polarized America: The Dance of Ideology and Unequal Riches},
	Year = {2006}}

@article{LinvilleJones1980,
	Author = {Patricia W. Linville and Edward E. Jones},
	Date-Added = {2014-01-08 21:32:55 +0000},
	Date-Modified = {2014-01-08 21:32:55 +0000},
	Journal = {Journal of Personality and Social Psychology},
	Number = {5},
	Pages = {689-703},
	Title = {Polarized Appraisals of Out-Group Members},
	Volume = {38},
	Year = {1980}}

@article{Gilens2001,
	Author = {Martin Gilens},
	Date-Added = {2014-01-08 21:32:55 +0000},
	Date-Modified = {2014-01-08 21:32:55 +0000},
	Journal = {American Political Science Review},
	Number = {2},
	Pages = {379-396},
	Title = {Political Ignorance and Collective Policy Preferences},
	Volume = {95},
	Year = {2001}}

@article{FiorinaAbrams2008,
	Author = {Morris P. Fiorina and Samuel J. Abrams},
	Date-Added = {2014-01-08 21:32:55 +0000},
	Date-Modified = {2014-01-08 21:32:55 +0000},
	Journal = {Annual Review of Political Science},
	Pages = {563-588},
	Title = {Political Polarization in the American Public},
	Volume = {11},
	Year = {2008}}

@inbook{TajfelTurner2005,
	Address = {New York},
	Author = {Henri Tajfel and John C. Turner},
	Chapter = {The Social Identity Theory of Intergroup Behavior},
	Date-Added = {2014-01-08 21:32:55 +0000},
	Date-Modified = {2014-01-08 21:32:55 +0000},
	Editor = {John T. Jost and Jim Sidanius},
	Publisher = {Psychology Press},
	Title = {Political Psychology},
	Year = {2005}}

@webpage{Krehbiel,
	Author = {Randy Krehbiel},
	Date-Added = {2014-01-08 21:32:55 +0000},
	Date-Modified = {2014-01-08 21:32:55 +0000},
	Journal = {Tulsa World},
	Title = {Poll: Most Believe Abortion's an Option},
	Url = {http://www.tulsaworld.com/article.aspx/Poll_Most_believe_abortions_an_option/070509_1_a1_bielw35543},
	Urldate = {9 May 2007},
	Year = {2007},
	Bdsk-Url-1 = {http://www.tulsaworld.com/article.aspx/Poll_Most_believe_abortions_an_option/070509_1_a1_bielw35543}}

@webpage{Dutton2011,
	Author = {Sarah Dutton},
	Date-Added = {2014-01-08 21:32:55 +0000},
	Date-Modified = {2014-01-08 21:32:55 +0000},
	Lastchecked = {22 April 2013},
	Month = {12 October},
	Title = {Polls Show Longtime Support for Tax Hikes on Rich},
	Url = {http://www.cbsnews.com/8301-503544_162-20119267-503544/polls-show-longtime-support-for-tax-hikes-on-rich/},
	Year = {2011},
	Bdsk-Url-1 = {http://www.cbsnews.com/8301-503544_162-20119267-503544/polls-show-longtime-support-for-tax-hikes-on-rich/}}

@book{Mutz2011,
	Address = {Princeton, NJ},
	Author = {Diana C. Mutz},
	Date-Added = {2014-01-08 21:32:55 +0000},
	Date-Modified = {2014-01-08 21:32:55 +0000},
	Publisher = {Princeton University Press},
	Title = {Population-Based Survey Experiments},
	Year = {2011}}

@book{Prior2007,
	Address = {New York},
	Author = {Markus Prior},
	Date-Added = {2014-01-08 21:32:55 +0000},
	Date-Modified = {2014-01-08 21:32:55 +0000},
	Publisher = {Cambridge University Press},
	Title = {Post-Broadcast Democracy: How Media Choice Increases Inequality in Political Involvement and Polarizes Elections},
	Year = {2007}}

@article{SnyderStromberg2010,
	Author = {James M. Jr. Snyder and David Str\"{o}mberg},
	Date-Added = {2014-01-08 21:32:55 +0000},
	Date-Modified = {2014-01-08 21:32:55 +0000},
	Journal = {Journal of Political Economy},
	Number = {2},
	Pages = {355-408},
	Title = {Press Coverage and Political Accountability},
	Volume = {118},
	Year = {2010}}

@article{FieldsSchuman1976,
	Author = {James M. Fields and Howard Schuman},
	Date-Added = {2014-01-08 21:32:55 +0000},
	Date-Modified = {2014-01-08 21:32:55 +0000},
	Journal = {Public Opinion Quarterly},
	Pages = {427-448},
	Title = {Public Beliefs About the Beliefs of the Public},
	Volume = {40},
	Year = {1976}}

@article{TodorovMandisodza2004,
	Author = {Alexander Todorov and Anesu N. Mandisodza},
	Date-Added = {2014-01-08 21:32:55 +0000},
	Date-Modified = {2014-01-08 21:32:55 +0000},
	Journal = {Public Opinion Quarterly},
	Number = {3},
	Pages = {323-348},
	Title = {Public Opinion on Foreign Policy: The Multilateral Public that Perceives Itself as Unilateral},
	Volume = {68},
	Year = {2004}}

@unpublished{KousserPhillipsShor2013,
	Author = {Thad Kousser and Justin Phillips and Boris Shor},
	Date-Added = {2014-01-08 21:32:55 +0000},
	Date-Modified = {2014-01-08 21:32:55 +0000},
	Note = {Working paper},
	Title = {Reform and Representation: Assessing California's Top-Two Primary and Redistricting Commission},
	Year = {2013}}

@book{Grimmer,
	Address = {New York},
	Author = {Justin Grimmer},
	Date-Added = {2014-01-08 21:32:55 +0000},
	Date-Modified = {2014-01-08 21:32:55 +0000},
	Publisher = {Cambridge University Press},
	Title = {Representational Style in Congress: What Legislators Say and Why it Matters},
	Year = {in press}}

@article{SnyderTing2003,
	Author = {James M. Jr. Snyder and Michael M. Ting},
	Date-Added = {2014-01-08 21:32:55 +0000},
	Date-Modified = {2014-01-08 21:32:55 +0000},
	Journal = {Political Analysis},
	Number = {4},
	Pages = {419-444},
	Title = {Roll Calls, Party Labels, and Elections},
	Volume = {11},
	Year = {2003}}

@article{PaolacciChandlerIpeirotis2010,
	Author = {Gabriele Paolacci and Jesse Chandler and Panagiotis G. Ipeirotis},
	Date-Added = {2014-01-08 21:32:55 +0000},
	Date-Modified = {2014-01-08 21:32:55 +0000},
	Journal = {Judgment and Decision Making},
	Number = {5},
	Pages = {411-419},
	Title = {Running Experiments on Amazon Mechanical Turk},
	Volume = {5},
	Year = {2010}}

@article{MillerNelson2002,
	Author = {Dale T. Miller and Leif D. Nelson},
	Date-Added = {2014-01-08 21:32:55 +0000},
	Date-Modified = {2014-01-08 21:32:55 +0000},
	Journal = {Journal of Personality and Social Psychology},
	Number = {5},
	Pages = {1066-1075},
	Title = {Seeing APproach Motivation in the Avoidance Behavior of Others: Implications for an Understanding of Pluralistic Ignorance},
	Volume = {83},
	Year = {2002}}

@article{Gilovich1981,
	Author = {Thomas Gilovich},
	Date-Added = {2014-01-08 21:32:55 +0000},
	Date-Modified = {2014-01-08 21:32:55 +0000},
	Journal = {Journal of Personality and Social Psychology},
	Number = {5},
	Pages = {797-808},
	Title = {Seeing the Past in the Present: The Effect of Associations to Familiar Events on Judgments and Decisions},
	Volume = {40},
	Year = {1981}}

@book{CoxMcCubbins2005,
	Address = {New York},
	Author = {Gary W. Cox and Mathew D. McCubbins},
	Date-Added = {2014-01-08 21:32:55 +0000},
	Date-Modified = {2014-01-08 21:32:55 +0000},
	Publisher = {Cambridge University Press},
	Title = {Setting the Agenda: Responsible Party Government in the U.S. House of Representatives},
	Year = {2005}}

@article{Lupia1994,
	Author = {Arthur Lupia},
	Date-Added = {2014-01-08 21:32:55 +0000},
	Date-Modified = {2014-01-08 21:32:55 +0000},
	Journal = {American Political Science Review},
	Number = {1},
	Pages = {63-76},
	Title = {Shortcuts Versus Encyclopedias: Information and Voting Behavior in California Insurance Reform Elections},
	Volume = {88},
	Year = {1994}}

@article{ShapiroJacobs2010,
	Author = {Robert Y. Shapiro and Lawrence Jacobs},
	Date-Added = {2014-01-08 21:32:55 +0000},
	Date-Modified = {2014-01-08 21:32:55 +0000},
	Journal = {The Forum},
	Month = {April},
	Title = {Simulating Representation: Elite Mobilization and Political Power in Health Care Reform},
	Year = {2010}}

@article{Holland1986,
	Author = {Paul W. Holland},
	Date-Added = {2014-01-08 21:32:55 +0000},
	Date-Modified = {2014-01-08 21:32:55 +0000},
	Journal = {Journal of the American Statistical Association},
	Number = {396},
	Pages = {945-960},
	Title = {Statistics and Causal Inference},
	Volume = {81},
	Year = {1986}}

@article{Brader2005,
	Author = {Ted Brader},
	Date-Added = {2014-01-08 21:32:55 +0000},
	Date-Modified = {2014-01-08 21:32:55 +0000},
	Journal = {American Journal of Political Science},
	Number = {2},
	Pages = {388-405},
	Title = {Striking a Responsive Chord: How Political Ads Motivate and Persuade Voters by Appealing to Emotions},
	Volume = {49},
	Year = {2005}}

@book{KatzAllport1931,
	Address = {Syracuse, NY},
	Author = {Daniel Katz and Floyd H. Allport},
	Date-Added = {2014-01-08 21:32:55 +0000},
	Date-Modified = {2014-01-08 21:32:55 +0000},
	Publisher = {Craftsman},
	Title = {Student Attitudes},
	Year = {1931}}

@article{LevySquire2005,
	Author = {Dena Levy and Peverill Squire},
	Date-Added = {2014-01-08 21:32:55 +0000},
	Date-Modified = {2014-01-08 21:32:55 +0000},
	Journal = {Legislative Studies Quarterly},
	Number = {2},
	Pages = {313-325},
	Title = {Television Markets and the Competetiveness of US House Elections},
	Volume = {25},
	Year = {2000}}

@article{Jacobson1996,
	Author = {Gary C. Jacobson},
	Date-Added = {2014-01-08 21:32:55 +0000},
	Date-Modified = {2014-01-08 21:32:55 +0000},
	Journal = {Political Science Quarterly},
	Number = {2},
	Pages = {203-223},
	Title = {The 1994 House Elections in Perspective},
	Volume = {111},
	Year = {1996}}

@book{TAV,
	Address = {Chicago},
	Author = {Angus Campbell and Philip E. Converse and Warren E. Miller and Donald E. Stokes},
	Date-Added = {2014-01-08 21:32:55 +0000},
	Date-Modified = {2014-01-08 21:32:55 +0000},
	Publisher = {University of Chicago Press},
	Title = {The American Voter},
	Year = {1960}}

@article{Hinckley1980,
	Author = {Barbara Hinckley},
	Date-Added = {2014-01-08 21:32:55 +0000},
	Date-Modified = {2014-01-08 21:32:55 +0000},
	Journal = {American Political Science Review},
	Number = {3},
	Pages = {641-650},
	Title = {The American Voter in Congressional Elections},
	Volume = {74},
	Year = {1980}}

@book{ANES,
	Address = {Ann Arbor, MI},
	Date-Added = {2014-01-08 21:32:55 +0000},
	Date-Modified = {2014-01-08 21:32:55 +0000},
	Institution = {The American National Election Studies (www.electionstudies.org)},
	Publisher = {University of Michigan, Center for Political Studies},
	Title = {The ANES Guide to Public Opinion and Electoral Behavior},
	Year = {2012}}

@book{Bishop2009,
	Address = {Boston},
	Author = {Bill Bishop},
	Date-Added = {2014-01-08 21:32:55 +0000},
	Date-Modified = {2014-01-08 21:32:55 +0000},
	Publisher = {Houton Mifflin Harcourt},
	Title = {The Big Sort: Why the Clustering of Like-Minded America is Tearing Us Apart},
	Year = {2009}}

@article{Mutz2002,
	Author = {Diana C. Mutz},
	Date-Added = {2014-01-08 21:32:55 +0000},
	Date-Modified = {2014-01-08 21:32:55 +0000},
	Journal = {American Journal of Political Science},
	Number = {4},
	Pages = {838-855},
	Title = {The Consequences of Cross-Cutting Networks for Political Participation},
	Volume = {46},
	Year = {2002}}

@book{LupiaMcCubbins1998,
	Address = {New York},
	Author = {Arthur Lupia and Mathew D. McCubbins},
	Date-Added = {2014-01-08 21:32:55 +0000},
	Date-Modified = {2014-01-08 21:32:55 +0000},
	Publisher = {Cambridge University Press},
	Title = {The Democratic Dilemma: Can Citizens Learn What They Need to Know?},
	Year = {1998}}

@book{Abramowitz2010,
	Address = {New Haven, CT},
	Author = {Alan I. Abramowitz},
	Date-Added = {2014-01-08 21:32:55 +0000},
	Date-Modified = {2014-01-08 21:32:55 +0000},
	Publisher = {Yale University Press},
	Title = {The Disappearing Center: Engaged Citizens, Polarization, and American Democracy},
	Year = {2010}}

@article{TomzVanHouweling2009,
	Author = {Michael Tomz and Robert P. {Van Houweling}},
	Date-Added = {2014-01-08 21:32:55 +0000},
	Date-Modified = {2014-01-08 21:32:55 +0000},
	Journal = {American Political Science Review},
	Number = {1},
	Pages = {83-98},
	Title = {The Electoral Implications of Candidate Ambiguity},
	Volume = {103},
	Year = {2009}}

@article{ShorMcCarty2011,
	Author = {Boris Shor and Nolan McCarty},
	Date-Added = {2014-01-08 21:32:55 +0000},
	Date-Modified = {2014-01-08 21:32:55 +0000},
	Journal = {American Political Science Review},
	Number = {3},
	Pages = {530-551},
	Title = {The Ideological Mapping of American Legislatures},
	Volume = {105},
	Year = {2011}}

@book{Arnold1990,
	Address = {New Haven, CT},
	Author = {R. Douglas Arnold},
	Date-Added = {2014-01-08 21:32:55 +0000},
	Date-Modified = {2014-01-08 21:32:55 +0000},
	Publisher = {Yale University Press},
	Title = {The Logic of Congressional Action},
	Year = {1990}}

@incollection{CitrinWongDuff2001,
	Address = {Oxford},
	Author = {Jack Citrin and Cara Wong and Brian Duff},
	Booktitle = {Social Identity, Intergroup Conflict, and Conflict Reduction},
	Date-Added = {2014-01-08 21:32:55 +0000},
	Date-Modified = {2014-01-08 21:32:55 +0000},
	Editor = {Richard D. Ashmore and Lee J. Jussim and David Wilder},
	Publisher = {Oxford University Press},
	Title = {The Meaning of American National Identity: Patterns of Ethnic Conflict and Consensus},
	Year = {2001}}

@article{AllportHartman1925,
	Author = {Floyd Allport and D.A. Hartman},
	Date-Added = {2014-01-08 21:32:55 +0000},
	Date-Modified = {2014-01-08 21:32:55 +0000},
	Journal = {American Political Science Review},
	Pages = {735-760},
	Title = {The Measurement and Motivation of Atypical Opinion in a Certain Group},
	Volume = {19},
	Year = {1925}}

@article{GrahamNosekHaidt2012,
	Author = {Jesse Graham and Brian A. Nosek and Jonathan Haidt},
	Date-Added = {2014-01-08 21:32:55 +0000},
	Date-Modified = {2014-01-08 21:32:55 +0000},
	Journal = {PLoS ONE},
	Number = {12},
	Pages = {e50092. doi:10.1371/journal.pone.0050092},
	Title = {The Moral Stereotypes of Liberals and Conservatives: Exaggeration of Differences across the Political Spectrum},
	Volume = {7},
	Year = {2012}}

@book{Hindman2009,
	Address = {Princeton, NJ},
	Author = {Matthew Hindman},
	Date-Added = {2014-01-08 21:32:55 +0000},
	Date-Modified = {2014-01-08 21:32:55 +0000},
	Publisher = {Princeton University Press},
	Title = {The Myth of Digital Democracy},
	Year = {2009}}

@book{Zaller1992,
	Address = {Cambridge},
	Author = {John R. Zaller},
	Date-Added = {2014-01-08 21:32:55 +0000},
	Date-Modified = {2014-01-08 21:32:55 +0000},
	Publisher = {Cambridge University Press},
	Title = {The Nature and Origins of Mass Opinion},
	Year = {1992}}

@incollection{Converse1964,
	Address = {New York},
	Author = {Philip Converse},
	Booktitle = {Ideology and Discontent},
	Date-Added = {2014-01-08 21:32:55 +0000},
	Date-Modified = {2014-01-08 21:32:55 +0000},
	Editor = {David Apter},
	Publisher = {Free Press},
	Title = {The Nature of Belief Systems in Mass Publics},
	Year = {1964}}

@book{MillerShanks1996,
	Address = {Cambridge, MA},
	Author = {Warren E. Miller and J. Merril Shanks},
	Date-Added = {2014-01-08 21:32:55 +0000},
	Date-Modified = {2014-01-08 21:32:55 +0000},
	Publisher = {Harvard University Press},
	Title = {The New American Voter},
	Year = {1996}}

@article{ConoverFeldman1981,
	Author = {Pamela Johnston Conover and Stanley Feldman},
	Date-Added = {2014-01-08 21:32:55 +0000},
	Date-Modified = {2014-01-08 21:32:55 +0000},
	Journal = {American Journal of Political Science},
	Number = {4},
	Pages = {617-645},
	Title = {The Origins and Meaning of Liberal/Conservative Self-Identifications},
	Volume = {25},
	Year = {1981}}

@article{KeithEtAl1986,
	Author = {Bruce E. Keith and David B. Magleby and Candice J. Nelson and Elizabeth Orr and Mark C. Westlye and Raymond E. Wolfinger},
	Date-Added = {2014-01-08 21:32:55 +0000},
	Date-Modified = {2014-01-08 21:32:55 +0000},
	Journal = {British Journal of Political Science},
	Pages = {155-184},
	Title = {The Partisan Affinities of Independent `Leaners'},
	Volume = {16},
	Year = {1986}}

@book{Levendusky2009,
	Address = {Chicago},
	Author = {Matthew Levendusky},
	Date-Added = {2014-01-08 21:32:55 +0000},
	Date-Modified = {2014-01-08 21:32:55 +0000},
	Publisher = {University of Chicago Pressi},
	Title = {The Partisan Sort: How Liberals Became Democrats and Conservatives Became Republicans},
	Year = {2009}}

@book{Jacobson2009,
	Address = {New York},
	Author = {Gary C. Jacobson},
	Date-Added = {2014-01-08 21:32:55 +0000},
	Date-Modified = {2014-01-08 21:32:55 +0000},
	Publisher = {Pearson Longman},
	Title = {The Politics of Congressional Elections},
	Volume = {7},
	Year = {2009}}

@book{Popkin1994,
	Address = {Chicago},
	Author = {Samuel L. Popkin},
	Date-Added = {2014-01-08 21:32:55 +0000},
	Date-Modified = {2014-01-08 21:32:55 +0000},
	Publisher = {University of Chicago Press},
	Title = {The Reasoning Voter: Communication and Persuasion in Presidential Campaigns},
	Year = {1994}}

@book{Key1966,
	Address = {New York},
	Author = {Valdimer Orlando Key and Milton C. Cummings},
	Date-Added = {2014-01-08 21:32:55 +0000},
	Date-Modified = {2014-01-08 21:32:55 +0000},
	Publisher = {Vintage Books},
	Title = {The Responsible Electorate},
	Year = {1966}}

@article{Rahn1993,
	Author = {Wendy M. Rahn},
	Date-Added = {2014-01-08 21:32:55 +0000},
	Date-Modified = {2014-01-08 21:32:55 +0000},
	Journal = {American Journal of Political Science},
	Number = {2},
	Pages = {472-496},
	Title = {The Role of Partisan Stereotypes in Information Processing about Political Candidates},
	Volume = {37},
	Year = {1993}}

@book{Brownstein2007,
	Address = {New York},
	Author = {Ronald Brownstein},
	Date-Added = {2014-01-08 21:32:55 +0000},
	Date-Modified = {2014-01-08 21:32:55 +0000},
	Publisher = {Penguin Press},
	Title = {The Second Civil War: How Extreme Partisanship Has Paralyzed Washington and Polarized America},
	Year = {2007}}

@article{AnsolabehereSnyderRodden2008,
	Author = {Stephen Ansolabehere and Jonathan Rodden and James M. Snyder},
	Date-Added = {2014-01-08 21:32:55 +0000},
	Date-Modified = {2014-01-08 21:32:55 +0000},
	Journal = {American Political Science Review},
	Number = {215-232},
	Title = {The Strength of Issues: Using Multiple Measures to Gauge Preference Stability, Ideological Constraing, and Issue Voting},
	Volume = {102},
	Year = {2008}}

@inbook{KrechCrutchfield1948,
	Author = {David Krech and Richard S. Crutchfield},
	Chapter = {The Field and Problems of Social Psychology},
	Date-Added = {2014-01-08 21:32:55 +0000},
	Date-Modified = {2014-01-08 21:32:55 +0000},
	Editor = {David Krech and Richard S. Crutchfield},
	Pages = {3-28},
	Publisher = {McGraw-Hill},
	Title = {Theory and Problems of Social Psychology},
	Year = {1948}}

@book{Kahneman2011,
	Address = {New York},
	Author = {Daniel Kahneman},
	Date-Added = {2014-01-08 21:32:55 +0000},
	Date-Modified = {2014-01-08 21:32:55 +0000},
	Publisher = {FSG},
	Title = {Thinking, Fast and Slow},
	Year = {2011}}

@article{Binder2011,
	Author = {Sarah Binder},
	Date-Added = {2014-01-08 21:32:55 +0000},
	Date-Modified = {2014-01-08 21:32:55 +0000},
	Journal = {The Forum},
	Number = {4},
	Title = {Through the Looking Glass, Darkly: What has Become of the Senate?},
	Volume = {9},
	Year = {2011}}

@article{Babington,
	Author = {Charles Babington},
	Date-Added = {2014-01-08 21:32:55 +0000},
	Date-Modified = {2014-01-08 21:32:55 +0000},
	Journal = {The Washington Post},
	Month = {21 December},
	Pages = {A23},
	Title = {Two Opponents of Abortion are Tapped for Senate Judiciary Panel},
	Year = {2004}}

@book{Bartels2008,
	Address = {Princeton, NJ},
	Author = {Larry M. Bartels},
	Date-Added = {2014-01-08 21:32:55 +0000},
	Date-Modified = {2014-01-08 21:32:55 +0000},
	Publisher = {Princeton University Press},
	Title = {Unequal Democracy: The Political Economy of the New Gilded Age},
	Year = {2008}}

@article{Bartels1996,
	Author = {Larry M. Bartels},
	Date-Added = {2014-01-08 21:32:55 +0000},
	Date-Modified = {2014-01-08 21:32:55 +0000},
	Journal = {American Journal of Political Science},
	Number = {1},
	Pages = {194-230},
	Title = {Uninformed Votes: Information Effects in Presidential Elections},
	Volume = {40},
	Year = {1996}}

@article{Fenno1977,
	Author = {Richard F. Fenno},
	Date-Added = {2014-01-08 21:32:55 +0000},
	Date-Modified = {2014-01-08 21:32:55 +0000},
	Journal = {American Political Science Review},
	Number = {3},
	Pages = {883-917},
	Title = {U.S. House Members in Their Constituencies: An Exploration},
	Volume = {71},
	Year = {1977}}

@book{DelliCarpiniKeeter1995,
	Address = {New York},
	Author = {Michael X. Delli Carpini and Scott Keeter},
	Date-Added = {2014-01-08 21:32:55 +0000},
	Date-Modified = {2014-01-08 21:32:55 +0000},
	Publisher = {Yale University Press},
	Title = {What Americans Know About Politics and Why It Matters},
	Year = {1996}}

@misc{Krosnick2012,
	Author = {Jon A. Krosnick},
	Date-Added = {2014-01-08 21:32:55 +0000},
	Date-Modified = {2014-01-08 21:32:55 +0000},
	Howpublished = {Presented at the Berkeley Political Psychology Colloquium},
	Title = {What Americans Think About Climate Change},
	Year = {2012}}

@article{Kam2005,
	Author = {Cindy D. Kam},
	Date-Added = {2014-01-08 21:32:55 +0000},
	Date-Modified = {2014-01-08 21:32:55 +0000},
	Journal = {Political Behavior},
	Number = {2},
	Pages = {163-182},
	Title = {Who Toes the Party Line? Cues, Values, and Individual Differences},
	Volume = {27},
	Year = {2005}}

@article{achen2002,
	Author = {Achen, Christopher H},
	Journal = {Political Behavior},
	Number = {2},
	Pages = {151--170},
	Publisher = {Springer},
	Title = {Parental socialization and rational party identification},
	Volume = {24},
	Year = {2002}}

@inproceedings{ahler2013,
	Author = {Ahler, Doug},
	Booktitle = {Annual Meeting of the American Political Science Association},
	Month = {September},
	Title = {Self-Fulfilling Misperceptions of Public Polarization},
	Year = {2013}}

@book{aldrich1995,
	Author = {Aldrich, John H},
	Publisher = {Cambridge Univ Press},
	Title = {Why parties? The origin and transformation of party politics in America},
	Volume = {15},
	Year = {1995}}

@article{allison1985,
	Author = {Allison, Scott T and Messick, David M},
	Journal = {Journal of Experimental Social Psychology},
	Number = {6},
	Pages = {563--579},
	Publisher = {Elsevier},
	Title = {The group attribution error},
	Volume = {21},
	Year = {1985}}

@inproceedings{ansolabehere2011,
	Author = {Ansolabehere, Stephen and Schaffner, Brian F},
	Booktitle = {AAPOR Annual Conference, Phoenix AZ},
	Pages = {12--15},
	Title = {Re-examining the validity of different survey modes for measuring public opinion in the US: Findings from a 2010 multi-mode comparison},
	Year = {2011}}

@article{bawn2012,
	Author = {Bawn, Kathleen and Cohen, Martin and Karol, David and Masket, Seth and Noel, Hans and Zaller, John},
	Journal = {Perspectives on Politics},
	Number = {3},
	Pages = {571--597},
	Publisher = {Cambridge University Press},
	Title = {A Theory of Political Parties: Groups, Policy Demands and Nominations in American Politics},
	Volume = {10},
	Year = {2012}}

@article{binder2005,
	Author = {Binder, Sarah A},
	Journal = {The legislative branch},
	Pages = {148--70},
	Title = {Elections, Parties, and Governance},
	Year = {2005}}

@article{brady1985,
	Author = {Brady, Henry E and Sniderman, Paul M},
	Journal = {The American Political Science Review},
	Pages = {1061--1078},
	Publisher = {JSTOR},
	Title = {Attitude attribution: A group basis for political reasoning},
	Year = {1985}}

@book{campbell1960,
	Author = {Campbell, Angus and Converse, Philip E and Miller, Warren E and Stokes, Donald E},
	Publisher = {New York: Wiley},
	Title = {The American Voter},
	Year = {1960}}

@book{dellicarpini1996,
	Author = {Carpini, Michael X Delli},
	Publisher = {Yale University Press},
	Title = {What Americans know about politics and why it matters},
	Year = {1996}}

@article{feldman1983,
	Author = {Feldman, Stanley and Conover, Pamela Johnston},
	Journal = {The Journal of Politics},
	Number = {04},
	Pages = {810--839},
	Publisher = {Cambridge Univ Press},
	Title = {Candidates, issues and voters: The role of inference in political perception},
	Volume = {45},
	Year = {1983}}

@article{fiorina2008,
	Author = {Fiorina, Morris P and Abrams, Samuel A and Pope, Jeremy C},
	Journal = {The Journal of Politics},
	Number = {02},
	Pages = {556--560},
	Publisher = {Cambridge Univ Press},
	Title = {Polarization in the American public: Misconceptions and misreadings},
	Volume = {70},
	Year = {2008}}

@book{fiorina2012,
	Author = {Fiorina, Morris P and Abrams, Samuel J},
	Publisher = {University of Oklahoma Press},
	Title = {Disconnect: the breakdown of representation in American politics},
	Volume = {11},
	Year = {2012}}

@book{green2004,
	Author = {Green, Donald and Palmquist, Bradley and Schickler, Eric},
	Publisher = {Yale University Press},
	Title = {Partisan hearts and minds: Political parties and the social identities of voters},
	Year = {2004}}

@book{greenstein1965,
	Author = {Greenstein, Fred},
	Publisher = {Transaction Publishers},
	Title = {Children and Politics},
	Year = {1965}}

@book{hetherington2005,
	Author = {Hetherington, Marc J},
	Publisher = {Princeton University Press},
	Title = {Why trust matters: Declining political trust and the demise of American liberalism},
	Year = {2005}}

@article{hollander2010,
	Author = {Hollander, Barry A},
	Journal = {Journal of Media and Religion},
	Number = {2},
	Pages = {55--66},
	Publisher = {Taylor \& Francis},
	Title = {Persistence in the perception of Barack Obama as a Muslim in the 2008 presidential campaign},
	Volume = {9},
	Year = {2010}}

@article{hovland1957,
	Author = {Hovland, Carl I and Harvey, OJ and Sherif, Muzafer},
	Journal = {The Journal of Abnormal and Social Psychology},
	Number = {2},
	Pages = {244},
	Publisher = {American Psychological Association},
	Title = {Assimilation and contrast effects in reactions to communication and attitude change.},
	Volume = {55},
	Year = {1957}}

@article{iyengar2012,
	Author = {Iyengar, Shanto and Sood, Gaurav and Lelkes, Yphtach},
	Journal = {Public opinion quarterly},
	Number = {3},
	Pages = {405--431},
	Publisher = {AAPOR},
	Title = {Affect, Not Ideology A Social Identity Perspective on Polarization},
	Volume = {76},
	Year = {2012}}

@inproceedings{iyengar2013,
	Author = {Iyengar, Shanto and Westwood, Sean},
	Booktitle = {Annual Meeting of the American Political Science Association},
	Month = {September},
	Title = {Fear and Loathing Across Party Lines: New Evidence on Group Polarization},
	Year = {2013}}

@article{jennings2009,
	Author = {Jennings, M Kent and Stoker, Laura and Bowers, Jake},
	Journal = {Journal of Politics},
	Number = {3},
	Pages = {782--799},
	Publisher = {Cambridge Univ Press},
	Title = {Politics across generations: Family transmission reexamined},
	Volume = {71},
	Year = {2009}}

@article{kim2010,
	Author = {Kim, Sung-youn and Taber, Charles S and Lodge, Milton},
	Journal = {Political Behavior},
	Number = {1},
	Pages = {1--28},
	Publisher = {Springer},
	Title = {A computational model of the citizen as motivated reasoner: Modeling the dynamics of the 2000 presidential election},
	Volume = {32},
	Year = {2010}}

@article{kunda1987,
	Author = {Kunda, Ziva},
	Journal = {Journal of Personality and Social Psychology},
	Number = {4},
	Pages = {636},
	Publisher = {American Psychological Association},
	Title = {Motivated inference: Self-serving generation and evaluation of causal theories.},
	Volume = {53},
	Year = {1987}}

@inproceedings{lacour2013,
	Author = {LaCour, Michael J},
	Booktitle = {APSA 2013 Annual Meeting Paper},
	Title = {A Balanced Information Diet, Not Selective Exposure: Evidence from Erie to Arbitron},
	Year = {2013}}

@article{lau2001,
	Author = {Lau, Richard R and Redlawsk, David P},
	Journal = {American Journal of Political Science},
	Pages = {951--971},
	Publisher = {JSTOR},
	Title = {Advantages and disadvantages of cognitive heuristics in political decision making},
	Year = {2001}}

@article{lawless2004,
	Author = {Lawless, Jennifer L},
	Journal = {Political Research Quarterly},
	Number = {3},
	Pages = {479--490},
	Publisher = {Sage Publications},
	Title = {Women, war, and winning elections: Gender stereotyping in the post-September 11th era},
	Volume = {57},
	Year = {2004}}

@inproceedings{levendusky2013,
	Author = {Levendusky, Matthew and Malhotra, Neil},
	Booktitle = {Annual Meeting of the American Political Science Association},
	Month = {September},
	Title = {Self-Fulfilling Misperceptions of Public Polarization},
	Year = {2013}}

@book{lodge2013,
	Author = {Lodge, Milton and Taber, Charles S},
	Publisher = {Cambridge University Press},
	Title = {The rationalizing voter},
	Year = {2013}}

@article{lord1979,
	Author = {Lord, Charles G and Ross, Lee and Lepper, Mark R},
	Journal = {Journal of Personality and Social Psychology},
	Number = {11},
	Pages = {2098},
	Publisher = {American Psychological Association},
	Title = {Biased assimilation and attitude polarization: The effects of prior theories on subsequently considered evidence.},
	Volume = {37},
	Year = {1979}}

@article{luskin2002,
	Author = {Luskin, Robert C},
	Journal = {Thinking about political psychology},
	Pages = {281--301},
	Publisher = {Cambridge University Press Cambridge},
	Title = {From denial to extenuation (and finally beyond): Political sophistication and citizen performance},
	Year = {2002}}

@book{mccarty2006,
	Author = {McCarty, Nolan M and Poole, Keith T and Rosenthal, Howard},
	Publisher = {mit Press Cambridge},
	Title = {Polarized America: The dance of ideology and unequal riches},
	Year = {2006}}

@article{mcdermott1997,
	Author = {McDermott, Monika L},
	Journal = {American Journal of Political Science},
	Pages = {270--283},
	Publisher = {JSTOR},
	Title = {Voting cues in low-information elections: Candidate gender as a social information variable in contemporary United States elections},
	Year = {1997}}

@book{popkin1991,
	Author = {Popkin, Samuel L},
	Publisher = {University of Chicago Press},
	Title = {The reasoning voter: Communication and persuasion in presidential campaigns},
	Year = {1991}}

@inproceedings{rivers2007,
	Author = {Rivers, Douglas},
	Booktitle = {Joint Statistical Meetings},
	Title = {Sampling for web surveys},
	Year = {2007}}

@inproceedings{rivers2009,
	Author = {Rivers, Douglas and Bailey, Delia},
	Booktitle = {Proceedings of the Joint Statistical Meetings},
	Pages = {627--639},
	Title = {Inference from matched samples in the 2008 US national elections},
	Year = {2009}}

@inproceedings{sood2012,
	Author = {Sood, Gaurav and Iyengar, Shanto and Dropp, Kyle},
	Booktitle = {Annual Meeting of the American Political Science Association},
	Month = {September},
	Title = {Coming to Dislike Your Opponents: The Polarizing Impact of Political Campaigns},
	Year = {2012}}


@inproceedings{sood2013,
	Author = {Sood, Gaurav and Iyengar, Shanto},
	Booktitle = {Annual Meeting of the American Political Science Association},
	Month = {September},
	Title = {All in the Eye of the Beholder: Partisan Affect and Ideological Accountability},
	Year = {2013}}
	
	
@book{stonecash2003,
	Author = {Stonecash, Jeffrey M and Brewer, Mark D and Mariani, Mack D},
	Publisher = {Westview Pr},
	Title = {Diverging parties: Social change, realignment, and party polarization},
	Year = {2003}}

@article{taber2006,
	Author = {Taber, Charles S and Lodge, Milton},
	Journal = {American Journal of Political Science},
	Number = {3},
	Pages = {755--769},
	Publisher = {Wiley Online Library},
	Title = {Motivated skepticism in the evaluation of political beliefs},
	Volume = {50},
	Year = {2006}}
